@online{platformio,
author = {{PlatformIO}},
title = {\textit{PlatformIO Documentation}},
year = {Jun 25, 2018},
keywords = {citata},
url = {https://media.readthedocs.org/pdf/platformio/latest/platformio.pdf},
organization = {PlatformIO},
}

@online{gnu:gcc,
author = {{Richard M. Stallman and the GCC Developer Community}},
title = {\textit{Using the GNU Compiler Collection}},
keywords = {citata},
url = {https://gcc.gnu.org/onlinedocs/gcc-8.1.0/gcc.pdf},
organization = {GNU},
}


@book{hughes2016arduino,
  title={Arduino per tecnici, ingegneri e maker},
  author={Hughes, J.M. and Sansone, B.},
  isbn={9788848131780},
  series={Tecniche Nuove},
  keywords={citata},
  year={2016},
  publisher={Tecniche Nuove}
}


@online{avr,
author = {Microchip},
title = {\textit{AVR Libc Reference Manual}},
year = {},
keywords = {citata},
url = {https://www.microchip.com/webdoc/AVRLibcReferenceManual/group__demo__project.html},
note = {},
label = {microchip},
}


@online{avr:mcu,
author = {Microchip},
title = {\textit{AVR Libc Reference Manual} - Architecture and MCU name},
year = {},
keywords = {citata},
url = {https://www.microchip.com/webdoc/AVRLibcReferenceManual/using_tools_1using_avr_gcc_mach_opt.html},
note = {},
label = {microchip},
}


@online{averdude:help,
author = {Systutorials},
title = {\textit{Linux Man Pages} - avrdude man page},
year = {},
keywords = {citata},
url = {https://www.systutorials.com/docs/linux/man/1-avrdude/},
note = {},
label = {avrdude},
}



%%%%%%%%%%%%%%%%%%%%%%% Bibliografia di approfondimento
@book{dapor2010elaborazione,
  title={Elaborazione dei dati sperimentali},
  author={Dapor, M. and Ropele, M.},
  isbn={9788847008861},
  url={https://books.google.it/books?id=CiNLYAAACAAJ},
  year={2010},
  keywords={approf},
  publisher={Springer Verlag}
}

@book{lesina1994nuovo,
  title={Il nuovo manuale di stile: guida alla redazione di documenti, relazioni, articoli, manuali, tesi di laurea},
  author={Lesina, R.},
  lccn={94233655},
  series={Opere di consultazione. Lingua italiana},
  url={https://books.google.it/books?id=34EsAAAAYAAJ},
  year={1994},
  keywords={approf},
  publisher={Zanichelli}
}

@book{infante2012manuale,
  title={Manuale di scrittura per la comunicazione. Come progettare, organizzare e gestire testi in modo professionale},
  author={Infante, M.},
  isbn={9788895151649},
  url={https://books.google.it/books?id=0jTPygAACAAJ},
  year={2012},
  keywords={approf},
  publisher={Eurilink}
}

@book{ente2000guida,
  title={Guida all'espressione dell'incertezza di misura: UNI CEI ENV 13005 norma italiana sperimentale},
  author={Ente nazionale italiano di unificazione and Comitato elettrotecnico italiano},
  url={https://books.google.it/books?id=Sq-coAEACAAJ},
  year={2000},
  keywords={approf},
  publisher={Comitato elettrotecnico italiano}
}

@book{bringhurst2004elements,
  title={The elements of typographic style},
  author={Bringhurst, R.},
  isbn={9780881792065},
  lccn={2004053913},
  url={https://books.google.it/books?id=940sAAAAYAAJ},
  year={2004},
  keywords={approf},
  publisher={Hartley \& Marks, Publishers}
}

@book{syropoulos2007digital,
  title={Digital Typography Using LaTeX},
  author={Syropoulos, A. and Tsolomitis, A. and Sofroniou, N.},
  isbn={9780387224367},
  lccn={2002070557},
  series={Springer professional computing},
  url={https://books.google.it/books?id=trIPBwAAQBAJ},
  year={2007},
  keywords={approf},
  publisher={Springer New York}
}

@book{eco1992come,
  title={Come si fa una tesi di laurea},
  author={Eco, Umberto},
  isbn={9788845212208},
  series={Strumenti Bompiani},
  url={https://books.google.it/books?id=ebHsAAAAMAAJ},
  year={1992},
  keywords={approf},
  publisher={Bompiani}
}

@online{simon:tabquality,
	author = {Simon Fear},
	title = {Publication quality tables in \LaTeXe},
	keywords={approf},
	url={http://ctan.mirror.garr.it/mirrors/CTAN/macros/latex/contrib/booktabs/booktabs.pdf},
	date = {October 8, 2019},
	organization = {ctan}
}

@book{uni:doc_sci,
  title={Documentazione: presentazione dei rapporti scientifici e tecnici},
  author={Ente nazionale italiano di unificazione},
  year={1989},
  keywords={approf},
  publisher={UNI}
}

@book{matricciani2003fondamenti,
  title={Fondamenti di comunicazione tecnico-scientifica},
  author={Matricciani, E.},
  isbn={9788850320790},
  lccn={2005397362},
  series={Apogeo education},
  url={https://books.google.it/books?id=gj6CEMNpwGQC},
  year={2003},
  keywords={approf},
  publisher={Apogeo}
}


